@article{harper2001online,
  title={Online etymology dictionary},
  author={Harper, Douglas and others},
  year={2001}
}
@article{cousteau1954fish,
  title={Fish men discover a 2,200-year-old Greek ship},
  author={Cousteau, Jacques Yves},
  journal={National geographic},
  volume={105},
  number={1},
  pages={1--36},
  year={1954},
  publisher={National Geographic Society}
}
@article{parker1984shipwrecks,
  title={Shipwrecks and ancient trade in the Mediterranean},
  author={Parker, Anthony J},
  year={1984},
  publisher={Archaeological Review from Cambridge}
}
@article{rawat2017deep,
  title={Deep convolutional neural networks for image classification: A comprehensive review},
  author={Rawat, Waseem and Wang, Zenghui},
  journal={Neural computation},
  volume={29},
  number={9},
  pages={2352--2449},
  year={2017},
  publisher={MIT Press}
}
@article{jing2019neural,
  title={Neural style transfer: A review},
  author={Jing, Yongcheng and Yang, Yezhou and Feng, Zunlei and Ye, Jingwen and Yu, Yizhou and Song, Mingli},
  journal={IEEE transactions on visualization and computer graphics},
  volume={26},
  number={11},
  pages={3365--3385},
  year={2019},
  publisher={IEEE}
}
@article{goodfellow2014generative,
  title={Generative adversarial networks},
  author={Goodfellow, Ian J and Pouget-Abadie, Jean and Mirza, Mehdi and Xu, Bing and Warde-Farley, David and Ozair, Sherjil and Courville, Aaron and Bengio, Yoshua},
  journal={arXiv preprint arXiv:1406.2661},
  year={2014}
}
@article{parkhi2015deep,
  title={Deep face recognition},
  author={Parkhi, Omkar M and Vedaldi, Andrea and Zisserman, Andrew},
  year={2015},
  publisher={British Machine Vision Association}
}
@article{poppe2010survey,
  title={A survey on vision-based human action recognition},
  author={Poppe, Ronald},
  journal={Image and vision computing},
  volume={28},
  number={6},
  pages={976--990},
  year={2010},
  publisher={Elsevier}
}
@inproceedings{toshev2014deeppose,
  title={Deeppose: Human pose estimation via deep neural networks},
  author={Toshev, Alexander and Szegedy, Christian},
  booktitle={Proceedings of the IEEE conference on computer vision and pattern recognition},
  pages={1653--1660},
  year={2014}
}
@inproceedings{niu2018neural,
  title={Neural personalized ranking for image recommendation},
  author={Niu, Wei and Caverlee, James and Lu, Haokai},
  booktitle={Proceedings of the Eleventh ACM International Conference on Web Search and Data Mining},
  pages={423--431},
  year={2018}
}
@inproceedings{gordon1992use,
  title={Use of laser scanning system on mobile underwater platforms},
  author={Gordon, Alan},
  booktitle={Proceedings of the 1992 Symposium on Autonomous Underwater Vehicle Technology},
  pages={202--205},
  year={1992},
  organization={IEEE}
}
@article{abu2019statistically,
  title={A statistically-based method for the detection of underwater objects in sonar imagery},
  author={Abu, Avi and Diamant, Roee},
  journal={IEEE Sensors Journal},
  volume={19},
  number={16},
  pages={6858--6871},
  year={2019},
  publisher={IEEE}
}



% ml_practice
@book{geron2019hands,
  title={Hands-on machine learning with Scikit-Learn, Keras, and TensorFlow: Concepts, tools, and techniques to build intelligent systems},
  author={G{\'e}ron, Aur{\'e}lien},
  year={2019},
  publisher={O'Reilly Media}
}
@book{elgendy2020deep,
  title={Deep Learning for Vision Systems},
  author={Elgendy, Mohamed},
  year={2020},
  publisher={Manning Publications}
}
@book{planche2019hands,
  title={Hands-On Computer Vision with TensorFlow 2: Leverage deep learning to create powerful image processing apps with TensorFlow 2.0 and Keras},
  author={Planche, Benjamin and Andres, Eliot},
  year={2019},
  publisher={Packt Publishing Ltd}
}
% amphora_underwater
@book{mccarthy20193d,
  title={3D Recording and Interpretation for Maritime Archaeology},
  author={McCarthy, John K and Benjamin, Jonathan and Winton, Trevor and van Duivenvoorde, Wendy},
  year={2019},
  publisher={Springer Nature}
}
@article{pasquet2017amphora,
  title={Amphora detection based on a gradient weighted error in a convolution neuronal network},
  author={Pasquet, J{\'e}r{\^o}me and Demesticha, Stella and Skarlatos, Dimitrios and Merad, Djamal and Drap, Pierre},
  year={2017}
}
@article{twede2002commercial,
  title={Commercial amphoras: the earliest consumer packages?},
  author={Twede, Diana},
  journal={Journal of Macromarketing},
  volume={22},
  number={1},
  pages={98--108},
  year={2002},
  publisher={Sage Publications Sage CA: Thousand Oaks, CA}
}
@article{maaten2007computer,
  title={Computer vision and machine learning for archaeology},
  author={Maaten, L van der and Boon, Paul and Lange, Guus and Paijmans, Hans and Postma, Eric},
  year={2007},
  publisher={Budapest: Archaeolingua}
}
@inproceedings{moniruzzaman2017deep,
  title={Deep learning on underwater marine object detection: A survey},
  author={Moniruzzaman, Md and Islam, Syed Mohammed Shamsul and Bennamoun, Mohammed and Lavery, Paul},
  booktitle={International Conference on Advanced Concepts for Intelligent Vision Systems},
  pages={150--160},
  year={2017},
  organization={Springer}
}
@article{rizzini2015investigation,
  title={Investigation of vision-based underwater object detection with multiple datasets},
  author={Rizzini, Dario Lodi and Kallasi, Fabjan and Oleari, Fabio and Caselli, Stefano},
  journal={International Journal of Advanced Robotic Systems},
  volume={12},
  number={6},
  pages={77},
  year={2015},
  publisher={SAGE Publications Sage UK: London, England}
}
@article{lu2017underwater,
  title={Underwater optical image processing: a comprehensive review},
  author={Lu, Huimin and Li, Yujie and Zhang, Yudong and Chen, Min and Serikawa, Seiichi and Kim, Hyoungseop},
  journal={Mobile networks and applications},
  volume={22},
  number={6},
  pages={1204--1211},
  year={2017},
  publisher={Springer}
}
@article{drap2015underwater,
  title={Underwater photogrammetry and object modeling: a case study of Xlendi Wreck in Malta},
  author={Drap, Pierre and Merad, Djamal and Hijazi, Bilal and Gaoua, Lamia and Nawaf, Mohamad Motasem and Saccone, Mauro and Chemisky, Bertrand and Seinturier, Julien and Sourisseau, Jean-Christophe and Gambin, Timmy and others},
  journal={Sensors},
  volume={15},
  number={12},
  pages={30351--30384},
  year={2015},
  publisher={Multidisciplinary Digital Publishing Institute}
}
@inproceedings{qin2015underwater,
  title={When underwater imagery analysis meets deep learning: A solution at the age of big visual data},
  author={Qin, Hongwei and Li, Xiu and Yang, Zhixiong and Shang, Min},
  booktitle={OCEANS 2015-MTS/IEEE Washington},
  pages={1--5},
  year={2015},
  organization={IEEE}
}
%cnn
@article{krizhevsky2012imagenet,
  title={Imagenet classification with deep convolutional neural networks},
  author={Krizhevsky, Alex and Sutskever, Ilya and Hinton, Geoffrey E},
  journal={Advances in neural information processing systems},
  volume={25},
  pages={1097--1105},
  year={2012}
}
@inproceedings{long2015fully,
  title={Fully convolutional networks for semantic segmentation},
  author={Long, Jonathan and Shelhamer, Evan and Darrell, Trevor},
  booktitle={Proceedings of the IEEE conference on computer vision and pattern recognition},
  pages={3431--3440},
  year={2015}
}
@inproceedings{he2016deep,
  title={Deep residual learning for image recognition},
  author={He, Kaiming and Zhang, Xiangyu and Ren, Shaoqing and Sun, Jian},
  booktitle={Proceedings of the IEEE conference on computer vision and pattern recognition},
  pages={770--778},
  year={2016}
}
%deep_learning
@inproceedings{zhang2018definition,
  title={On definition of deep learning},
  author={Zhang, WJ and Yang, Guosheng and Lin, Yingzi and Ji, Chunli and Gupta, Madan M},
  booktitle={2018 World automation congress (WAC)},
  pages={1--5},
  year={2018},
  organization={IEEE}
}

@article{voulodimos2018deep,
  title={Deep learning for computer vision: A brief review},
  author={Voulodimos, Athanasios and Doulamis, Nikolaos and Doulamis, Anastasios and Protopapadakis, Eftychios},
  journal={Computational intelligence and neuroscience},
  volume={2018},
  year={2018},
  publisher={Hindawi}
}
@inproceedings{o2019deep,
  title={Deep learning vs. traditional computer vision},
  author={Oâ€™Mahony, Niall and Campbell, Sean and Carvalho, Anderson and Harapanahalli, Suman and Hernandez, Gustavo Velasco and Krpalkova, Lenka and Riordan, Daniel and Walsh, Joseph},
  booktitle={Science and Information Conference},
  pages={128--144},
  year={2019},
  organization={Springer}
}
%object_detection
  %applications
@inproceedings{buric2018ball,
  title={Ball detection using YOLO and Mask R-CNN},
  author={Buric, Matija and Pobar, Miran and Ivasic-Kos, Marina},
  booktitle={2018 International Conference on Computational Science and Computational Intelligence (CSCI)},
  pages={319--323},
  year={2018},
  organization={IEEE}
}
@inproceedings{benjdira2019car,
  title={Car detection using unmanned aerial vehicles: Comparison between faster r-cnn and yolov3},
  author={Benjdira, Bilel and Khursheed, Taha and Koubaa, Anis and Ammar, Adel and Ouni, Kais},
  booktitle={2019 1st International Conference on Unmanned Vehicle Systems-Oman (UVS)},
  pages={1--6},
  year={2019},
  organization={IEEE}
}
@article{li2020agricultural,
  title={Agricultural Greenhouses Detection in High-Resolution Satellite Images Based on Convolutional Neural Networks: Comparison of Faster R-CNN, YOLO v3 and SSD},
  author={Li, Min and Zhang, Zhijie and Lei, Liping and Wang, Xiaofan and Guo, Xudong},
  journal={Sensors},
  volume={20},
  number={17},
  pages={4938},
  year={2020},
  publisher={Multidisciplinary Digital Publishing Institute}
}
  %dense
@inproceedings{goldman2019precise,
  title={Precise detection in densely packed scenes},
  author={Goldman, Eran and Herzig, Roei and Eisenschtat, Aviv and Goldberger, Jacob and Hassner, Tal},
  booktitle={Proceedings of the IEEE/CVF Conference on Computer Vision and Pattern Recognition},
  pages={5227--5236},
  year={2019}
}
  %frameworks
@inproceedings{lin2017feature,
  title={Feature pyramid networks for object detection},
  author={Lin, Tsung-Yi and Doll{\'a}r, Piotr and Girshick, Ross and He, Kaiming and Hariharan, Bharath and Belongie, Serge},
  booktitle={Proceedings of the IEEE conference on computer vision and pattern recognition},
  pages={2117--2125},
  year={2017}
}
    %r_cnn
@inproceedings{girshick2014rich,
  title={Rich feature hierarchies for accurate object detection and semantic segmentation},
  author={Girshick, Ross and Donahue, Jeff and Darrell, Trevor and Malik, Jitendra},
  booktitle={Proceedings of the IEEE conference on computer vision and pattern recognition},
  pages={580--587},
  year={2014}
}
@inproceedings{girshick2015fast,
  title={Fast r-cnn},
  author={Girshick, Ross},
  booktitle={Proceedings of the IEEE international conference on computer vision},
  pages={1440--1448},
  year={2015}
}
@article{ren2015faster,
  title={Faster r-cnn: Towards real-time object detection with region proposal networks},
  author={Ren, Shaoqing and He, Kaiming and Girshick, Ross and Sun, Jian},
  journal={arXiv preprint arXiv:1506.01497},
  year={2015}
}
@inproceedings{lin2017focal,
  title={Focal loss for dense object detection},
  author={Lin, Tsung-Yi and Goyal, Priya and Girshick, Ross and He, Kaiming and Doll{\'a}r, Piotr},
  booktitle={Proceedings of the IEEE international conference on computer vision},
  pages={2980--2988},
  year={2017}
}
@inproceedings{liu2016ssd,
  title={Ssd: Single shot multibox detector},
  author={Liu, Wei and Anguelov, Dragomir and Erhan, Dumitru and Szegedy, Christian and Reed, Scott and Fu, Cheng-Yang and Berg, Alexander C},
  booktitle={European conference on computer vision},
  pages={21--37},
  year={2016},
  organization={Springer}
}
    %yolo
@inproceedings{redmon2016you,
  title={You only look once: Unified, real-time object detection},
  author={Redmon, Joseph and Divvala, Santosh and Girshick, Ross and Farhadi, Ali},
  booktitle={Proceedings of the IEEE conference on computer vision and pattern recognition},
  pages={779--788},
  year={2016}
}
@inproceedings{redmon2017yolo9000,
  title={YOLO9000: better, faster, stronger},
  author={Redmon, Joseph and Farhadi, Ali},
  booktitle={Proceedings of the IEEE conference on computer vision and pattern recognition},
  pages={7263--7271},
  year={2017}
}
@article{redmon2018yolov3,
  title={Yolov3: An incremental improvement},
  author={Redmon, Joseph and Farhadi, Ali},
  journal={arXiv preprint arXiv:1804.02767},
  year={2018}
}
@article{bochkovskiy2020yolov4,
  title={Yolov4: Optimal speed and accuracy of object detection},
  author={Bochkovskiy, Alexey and Wang, Chien-Yao and Liao, Hong-Yuan Mark},
  journal={arXiv preprint arXiv:2004.10934},
  year={2020}
}
%reviews
@article{zhao2019object,
  title={Object detection with deep learning: A review},
  author={Zhao, Zhong-Qiu and Zheng, Peng and Xu, Shou-tao and Wu, Xindong},
  journal={IEEE transactions on neural networks and learning systems},
  volume={30},
  number={11},
  pages={3212--3232},
  year={2019},
  publisher={IEEE}
}
@article{liu2020deep,
  title={Deep learning for generic object detection: A survey},
  author={Liu, Li and Ouyang, Wanli and Wang, Xiaogang and Fieguth, Paul and Chen, Jie and Liu, Xinwang and Pietik{\"a}inen, Matti},
  journal={International journal of computer vision},
  volume={128},
  number={2},
  pages={261--318},
  year={2020},
  publisher={Springer}
}
@inproceedings{huang2017speed,
  title={Speed/accuracy trade-offs for modern convolutional object detectors},
  author={Huang, Jonathan and Rathod, Vivek and Sun, Chen and Zhu, Menglong and Korattikara, Anoop and Fathi, Alireza and Fischer, Ian and Wojna, Zbigniew and Song, Yang and Guadarrama, Sergio and others},
  booktitle={Proceedings of the IEEE conference on computer vision and pattern recognition},
  pages={7310--7311},
  year={2017}
}

%small_object
@article{kisantal2019augmentation,
  title={Augmentation for small object detection},
  author={Kisantal, Mate and Wojna, Zbigniew and Murawski, Jakub and Naruniec, Jacek and Cho, Kyunghyun},
  journal={arXiv preprint arXiv:1902.07296},
  year={2019}
}
@inproceedings{li2017perceptual,
  title={Perceptual generative adversarial networks for small object detection},
  author={Li, Jianan and Liang, Xiaodan and Wei, Yunchao and Xu, Tingfa and Feng, Jiashi and Yan, Shuicheng},
  booktitle={Proceedings of the IEEE conference on computer vision and pattern recognition},
  pages={1222--1230},
  year={2017}
}
@inproceedings{eggert2017closer,
  title={A closer look: Small object detection in faster R-CNN},
  author={Eggert, Christian and Brehm, Stephan and Winschel, Anton and Zecha, Dan and Lienhart, Rainer},
  booktitle={2017 IEEE international conference on multimedia and expo (ICME)},
  pages={421--426},
  year={2017},
  organization={IEEE}
}
@book{goodfellow2016deep,
  title={Deep learning},
  author={Goodfellow, Ian and Bengio, Yoshua and Courville, Aaron and Bengio, Yoshua},
  volume={1},
  number={2},
  year={2016},
  publisher={MIT press Cambridge}
}

@book{burkov2019hundred,
  title={The hundred-page machine learning book},
  author={Burkov, Andriy},
  volume={1},
  year={2019},
  publisher={Andriy Burkov Canada}
}
@article{samuel1959some,
  title={Some studies in machine learning using the game of checkers},
  author={Samuel, Arthur L},
  journal={IBM Journal of research and development},
  volume={3},
  number={3},
  pages={210--229},
  year={1959},
  publisher={IBM}
}
@article{mcculloch1943logical,
  title={A logical calculus of the ideas immanent in nervous activity},
  author={McCulloch, Warren S and Pitts, Walter},
  journal={The bulletin of mathematical biophysics},
  volume={5},
  number={4},
  pages={115--133},
  year={1943},
  publisher={Springer}
}
@book{rosenblatt1957perceptron,
  title={The perceptron, a perceiving and recognizing automaton Project Para},
  author={Rosenblatt, Frank},
  year={1957},
  publisher={Cornell Aeronautical Laboratory}
}

